@article{DavidKnowles2010,
title = {Lagrangian Duality for Dummies},
author = {David Knowles},
journal = {Notes},
year = {2010},
url = {https://www-cs.stanford.edu/people/davidknowles/lagrangian_duality.pdf},
}

@article{BARLES201031,
title = {A short proof of the $\mathrm{C}^{0,\alpha}$-regularity of viscosity subsolutions for superquadratic viscous {H}amilton--{J}acobi equations and applications},
author = {Guy Barles},
journal = {Nonlinear Analysis: Theory, Methods \& Applications},
volume = {73},
number = {1},
pages = {31-47},
year = {2010},
doi = {https://doi.org/10.1016/j.na.2010.02}
}
